<?xml version="1.0" encoding="UTF-8"?><collection xmlns="http://www.loc.gov/MARC21/slim"><record><leader>00653nam--2200181-i-4500</leader><controlfield tag="001">000006696</controlfield><controlfield tag="002">20161230</controlfield><controlfield tag="005">20161230201026</controlfield><controlfield tag="008">060222s1000------------r-----000-0-eng-d</controlfield><datafield ind1=" " ind2=" " tag="040"><subfield code="a">IFIN-HH</subfield></datafield><datafield ind1=" " ind2=" " tag="080"><subfield code="a">539.12.047</subfield></datafield><datafield ind1="1" ind2=" " tag="100"><subfield code="a">Deering, R.A</subfield></datafield><datafield ind1="1" ind2="0" tag="245"><subfield code="a">Conference on molecular and radiation biology</subfield><subfield code="b">Nuclear science series gould house, december 2, 3, and 4, 1959 ardsley-on-hudson, new york</subfield><subfield code="c">R.a. deering (ed.)</subfield></datafield><datafield ind1=" " ind2=" " tag="260"><subfield code="a">Washington</subfield><subfield code="b">National Academy Of Sciences</subfield><subfield code="c">1961</subfield></datafield><datafield ind1=" " ind2=" " tag="300"><subfield code="a">146P</subfield></datafield><datafield ind1=" " ind2=" " tag="490"><subfield code="a">Nuclear Science Series - National Research Council Publication 823</subfield><subfield code="v">Report Number 31</subfield></datafield><datafield ind1=" " ind2=" " tag="852"><subfield code="a">13144</subfield><subfield code="c">539</subfield></datafield><datafield ind1=" " ind2=" " tag="CAT"><subfield code="a">Sys</subfield><subfield code="c">20110926</subfield><subfield code="h">141637</subfield></datafield></record></collection>